<mx:record xmlns="http://www.w3.org/TR/xhtml1/strict" xmlns:mx="http://www.loc.gov/MARC21/slim" xmlns:xsi="http://www.w3.org/2001/XMLSchema-instance"><mx:leader>00000cz   2200000n  0000</mx:leader><mx:controlfield tag="001">oca02304464 </mx:controlfield><mx:controlfield tag="005">20080314052349.0</mx:controlfield><mx:controlfield tag="008">880620n| acannaabn          |a aaa      </mx:controlfield><mx:datafield ind1=" " ind2=" " tag="010"><mx:subfield code="a">n  85297966</mx:subfield></mx:datafield><mx:datafield ind1=" " ind2=" " tag="040"><mx:subfield code="a">DLC</mx:subfield><mx:subfield code="b">eng</mx:subfield><mx:subfield code="c">DLC</mx:subfield><mx:subfield code="d">DLC</mx:subfield><mx:subfield code="d">OCoLC</mx:subfield></mx:datafield><mx:datafield ind1="0" ind2=" " tag="100"><mx:subfield code="a">Titinius</mx:subfield></mx:datafield><mx:datafield ind1="0" ind2=" " tag="400"><mx:subfield code="a">Titinio</mx:subfield></mx:datafield><mx:datafield ind1="0" ind2=" " tag="400"><mx:subfield code="a">Tytyniusz</mx:subfield></mx:datafield><mx:datafield ind1=" " ind2=" " tag="670"><mx:subfield code="a">Fabula togata, 1985, c1984- :</mx:subfield><mx:subfield code="b">v. 1, t.p. (Titinio) p. 18 (nothing known about his life, nor when he was living)</mx:subfield></mx:datafield><mx:datafield ind1=" " ind2=" " tag="670"><mx:subfield code="a">Oxford classical dict.</mx:subfield><mx:subfield code="b">(Titinius, Latin poet, earliest known composer of fabulae togatae of the type of tabernariae)</mx:subfield></mx:datafield><mx:datafield ind1=" " ind2=" " tag="670"><mx:subfield code="a">Stankiewicz, L. Tytyniusz--przedstawiciel komedii rzymskiej zwanej fabula togata, 1987:</mx:subfield><mx:subfield code="b">t.p. (Tytyniusz)</mx:subfield></mx:datafield><mx:datafield ind1=" " ind2=" " tag="675"><mx:subfield code="a">Encyc. brit.;</mx:subfield><mx:subfield code="a">Encycl. Amer.;</mx:subfield><mx:subfield code="a">Collier&amp;#039;s encyc.</mx:subfield></mx:datafield><mx:datafield ind1=" " ind2=" " tag="999"><mx:subfield code="a">54</mx:subfield></mx:datafield></mx:record>